<?xml version="1.0" encoding="UTF-8"?><collection xmlns="http://www.loc.gov/MARC21/slim"><record><leader>00370nam--2200145-i-4500</leader><controlfield tag="001">000005926</controlfield><controlfield tag="002">20161230</controlfield><controlfield tag="005">20170111235205</controlfield><controlfield tag="008">060222s1000------------r-----000-0-eng-d</controlfield><datafield ind1=" " ind2=" " tag="100"><subfield code="a">Hospitalier, E</subfield></datafield><datafield ind1=" " ind2=" " tag="245"><subfield code="a">Formulaire de l`electricien et du mecanicien</subfield></datafield><datafield ind1=" " ind2=" " tag="260"><subfield code="a">Paris</subfield><subfield code="b">Masson Et Cie</subfield><subfield code="c">1908</subfield></datafield><datafield ind1=" " ind2=" " tag="300"><subfield code="a">XV + 985 p</subfield></datafield><datafield ind1=" " ind2=" " tag="852"><subfield code="a">1869</subfield></datafield><datafield ind1=" " ind2=" " tag="CAT"><subfield code="a">SYS</subfield><subfield code="c">20170111</subfield><subfield code="h">235205</subfield></datafield></record></collection>